@ARTICLE{4509437,

  author={Lan, Man and Tan, Chew Lim and Su, Jian and Lu, Yue},

  journal={IEEE Transactions on Pattern Analysis and Machine Intelligence}, 

  title={Supervised and Traditional Term Weighting Methods for Automatic Text Categorization}, 

  year={2009},

  volume={31},

  number={4},

  pages={721-735},

  keywords={Text categorization;Text recognition;Indexing;Support vector machines;Information theory;Support vector machine classification;Natural languages;Information retrieval;Supervised learning;Frequency;Knowledge and data engineering tools and techniques;Clustering;classification;and association rules;Text mining;Database Applications;Database Management;Information Technology and Systems;Indexing methods;Content Analysis and Indexing;Information Storage and Retrieval;Information Technolog;Text analysis;Natural Language Processing;Artificial Intelligence;Computing Methodologies;Knowledge and data engineering tools and techniques;Clustering;classification;and association rules;Text mining;Database Applications;Database Management;Information Technology and Systems;Indexing methods;Content Analysis and Indexing;Information Storage and Retrieval;Information Technolog;Text analysis;Natural Language Processing;Artificial Intelligence;Computing Methodologies},

  doi={10.1109/TPAMI.2008.110}}


@misc{pham2023topicgpt,
      title={TopicGPT: A Prompt-based Topic Modeling Framework}, 
      author={Chau Minh Pham and Alexander Hoyle and Simeng Sun and Mohit Iyyer},
      year={2023},
      eprint={2311.01449},
      archivePrefix={arXiv},
      primaryClass={cs.CL}
}

@article{Li_Ma_Fan_Lee_Yu_Hemphill_2023, 
title={Chatgpt in education: A discourse analysis of worries and concerns on social media}, 
DOI={10.1007/s10639-023-12256-9}, 
journal={Education and Information Technologies}, 
author={Li, Lingyao and Ma, Zihui and Fan, Lizhou and Lee, Sanggyu and Yu, Huizi and Hemphill, Libby}, 
year={2023}, month={Oct}} 